<?xml version="1.0" encoding="UTF-8"?><collection xmlns="http://www.loc.gov/MARC21/slim"><record><leader>00362nam--2200133-i-4500</leader><controlfield tag="001">000020523</controlfield><controlfield tag="002">20161230</controlfield><controlfield tag="005">20161230201033</controlfield><controlfield tag="008">060222s1000------------r-----000-0-eng-d</controlfield><datafield ind1=" " ind2=" " tag="080"><subfield code="a">519.813</subfield></datafield><datafield ind1=" " ind2=" " tag="100"><subfield code="a">Mazalov, V.V. Si Vninscenko, S.V</subfield></datafield><datafield ind1=" " ind2=" " tag="245"><subfield code="a">Momenti ostanovki i upravliaemie sluciainie blujdania</subfield></datafield><datafield ind1=" " ind2=" " tag="260"><subfield code="a">Novosibirsk, Nauka, 1992. 103 P</subfield></datafield><datafield ind1=" " ind2=" " tag="852"><subfield code="a">80425</subfield></datafield></record></collection>